@misc{RN2,
   title = {1000 Series Pulse Transformers. 1002C datasheet.},
   publisher = {Murata Power Solutions Inc.},
   url = {https://www.murata.com/products/productdata/8816045522974/kmp-1000.pdf},
   type = {Dataset}
}

@misc{RN1,
   title = {14000 Series Bobbin Type Inductors. 1410516C Datasheet},
   publisher = {Murata Power Solutions Inc.},
   url = {https://search.murata.co.jp/Ceramy/image/img/P02A/kmp_1400.pdf},
   type = {Dataset}
}

@misc{RN3,
   title = {IRFZ24NPBF Datasheet},
   publisher = {Infineon Technologies},
   url = {https://www.infineon.com/dgdl/irfz24npbf.pdf?fileId=5546d462533600a40153563af6ce21f7},
   type = {Dataset}
}

@misc{RN4,
   title = {SB120 Thru SB160 Schottky Rectifier. Sb120 Datasheet},
   publisher = {SMC Diode Solutions},
   url = {https://www.smc-diodes.com/propdf/SB120%20THRU%20SB160%20N0869%20REV.C.pdf},
   type = {Dataset}
}



